@online{vkspec,
  author = {The Khronos Group},
  title = {Vulkan 1.0.26 - A Specification},
  date = {2016-09-06},
  urldate = {2016-09-14},
  url = {https://www.khronos.org/registry/vulkan/specs/1.0/xhtml/vkspec.html}
}

@online{spirvspecprov,
  author = {The Khronos Group},
  title = {SPIR-V Specification Provisional},
  year = {2016},
  url = {https://www.khronos.org/registry/spir-v/specs/1.1/SPIRV.html}
}

@online{glslangrepo,
  author = {The Khronos Group},
  title = {Khronos reference front-end for GLSL and ESSL, and sample SPIR-V generator },
  date = {2016-10-17},
  urldate = {2016-10-17},
  url = {https://github.com/KhronosGroup/glslang}
}

@online{spirvwhitepaper,
  author = {John Kessenich, LunarG},
  title = {SPIR-V White Paper},
  year = {2015},
  url = {https://www.khronos.org/registry/spir-v/papers/WhitePaper.pdf}
}

@online{intelvulkandriversonwindows,
  author = {Intel Corporation},
  title = {Re: Doom @ Vulkan},
  date = {2016-10-12},
  urldate = {2016-10-12},
  url = {https://communities.intel.com/message/413441#413441}
}

@online{vulkangpuinfo,
  author = {Sascha Willems},
  title = {Vulkan Hardware Database},
  date = {2016-10-12},
  urldate = {2016-10-12},
  url = {http://vulkan.gpuinfo.org/}
}

@online{renderdoc,
  author = {Baldur Karlsson},
  title = {RenderDoc Graphics Debugging Tool},
  date = {2016-10-12},
  urldate = {2016-10-12},
  url = {https://renderdoc.org/}
}

@online{vulkanregistry,
  author = {The Khronos Group},
  title = {Khronos Vulkanâ„¢ Registry},
  date = {2016-10-15},
  urldate = {2016-10-15},
  url = {https://www.khronos.org/registry/vulkan/}
}

@online{lunargvulkansdk,
  author = {LunarG},
  title = {LunarG Vulkan SDK},
  date = {2016-10-17},
  urldate = {2016-10-17},
  url = {https://vulkan.lunarg.com/}
}

@online{nvidiansight,
  author = {Nvidia Corporation},
  title = {NVIDIA Nsight},
  date = {2016-10-17},
  urldate = {2016-10-17},
  url = {http://www.nvidia.com/object/nsight.html}
}

@online{nvidiafcat,
  author = {Nvidia Corporation},
  title = {NVIDIA Frame Capture Analysis Tool (FCAT)},
  date = {2016-10-17},
  urldate = {2016-10-17},
  url = {http://www.geforce.com/hardware/technology/fcat}
}
